@PhdThesis{tese1,
  author = 	 {Man�, Z�},
  title = 	 {Exemplo dp Ze},
  school = 	 {UFPR},
  year = 	 {1989},
  month =        {}#sep
}

@Article{artigo1,
  author = 	 {Man�, Zeca},
  title = 	 {Exemplo do Zeca},
  journal = 	 {Revista de testes do Ze},
  year = 	 {1999},
  volume = 	 {2},
  number = 	 {73},
  pages = 	 {183--199}
}