@book{Williamson,
 author = {Williamson, David P. and Shmoys, David B.},
 title = {The Design of Approximation Algorithms},
 year = {2011},
 isbn = {0521195276, 9780521195270},
 edition = {1st},
 publisher = {Cambridge University Press},
 address = {New York, NY, USA},
} 

@article{Arora,
 author = {Arora, Sanjeev and Lund, Carsten and Motwani, Rajeev and Sudan, Madhu and Szegedy, Mario},
 title = {Proof Verification and the Hardness of Approximation Problems},
 journal = {J. ACM},
 issue_date = {May 1998},
 volume = {45},
 number = {3},
 month = may,
 year = {1998},
 issn = {0004-5411},
 pages = {501--555},
 numpages = {55},
 url = {http://doi.acm.org/10.1145/278298.278306},
 doi = {10.1145/278298.278306},
 acmid = {278306},
 publisher = {ACM},
 address = {New York, NY, USA},
 keywords = {NP-completeness, optimization, proof verification, randomness},
} 

@book{bradley,
   title = "Applied mathematical programming",
   author = "Bradley, Stephen P. and Hax, Arnoldo C. and Magnanti, Thomas L.",
   publisher = "Addison-Wesley",
   address = "Readin̥g Mass.",
   url = "http://opac.inria.fr/record=b1079784",
   isbn = "0-201-00464-X",
   year = 1977
}

@misc{blum,
  author       = "Avrim Blum", 
  title        = "Dynamic Programming",
  url = "http://www.cs.cmu.edu/~avrim/451f07/lectures/lect1004.pdf",
  month        = "Agosto",
  year         = "2009",
}

@misc{feofiloff,
  author       = "Paulo Feofiloff", 
  title        = "Subsequência crescente máxima",
  howpublished = "Aula",
  month        = "Abril",
  year         = "2015",
}

@misc{feofiloffassintotica,
  author       = "Paulo Feofiloff", 
  title        = "Análise assintótica: ordens O, Omega e Theta",
  howpublished = "Aula",
  month        = "Abril",
  year         = "2015",
}

@misc{janosiasymptoptic,
  author       = "Tibor Janosi", 
  title        = "Introduction to Asymptotic Analysis",
  howpublished = "Aula",
  year         = "2004",
}

@misc{laibson,
  author       = "David Laibson", 
  title        = "Introduction to Dynamic Programming",
  howpublished = "Aula",
  year         = "2010",
}

@article{alimonti2000some,
  title={Some APX-completeness results for cubic graphs},
  author={Alimonti, Paola and Kann, Viggo},
  journal={Theoretical Computer Science},
  volume={237},
  number={1},
  pages={123--134},
  year={2000},
  publisher={Elsevier}
}

@article{arora1998polynomial,
  title={Polynomial time approximation schemes for Euclidean traveling salesman and other geometric problems},
  author={Arora, Sanjeev},
  journal={Journal of the ACM (JACM)},
  volume={45},
  number={5},
  pages={753--782},
  year={1998},
  publisher={ACM}
}

@article{Fortnow:2009:SPV:1562164.1562186,
 author = {Fortnow, Lance},
 title = {The Status of the P Versus NP Problem},
 journal = {Commun. ACM},
 issue_date = {September 2009},
 volume = {52},
 number = {9},
 month = sep,
 year = {2009},
 issn = {0001-0782},
 pages = {78--86},
 numpages = {9},
 url = {http://doi.acm.org/10.1145/1562164.1562186},
 doi = {10.1145/1562164.1562186},
 acmid = {1562186},
 publisher = {ACM},
 address = {New York, NY, USA},
} 

@article{bellman1952theory,
  title={On the theory of dynamic programming},
  author={Bellman, Richard},
  journal={Proceedings of the National Academy of Sciences of the United States of America},
  volume={38},
  number={8},
  pages={716},
  year={1952},
  publisher={National Academy of Sciences}
}

@book{Bertsekas,
 author = {Bertsekas, Dimitri P.},
 title = {Dynamic Programming and Optimal Control},
 year = {2000},
 isbn = {1886529094},
 edition = {2nd},
 publisher = {Athena Scientific},
} 

@misc{homer,
author = "Steven Homer et al",
title="Turing and the Development of Computational, Complexity",
howpublished = "Relatório",
year = "2011",
}

@misc{ComplexityZoo,
author="University of Waterloo",
title="ComplexityZoo",
howpublished = "Página",
year = "2015",
}

@article{hastad,
 author = {H{\aa}stad, Johan},
 title = {Some Optimal Inapproximability Results},
 journal = {J. ACM},
 issue_date = {July 2001},
 volume = {48},
 number = {4},
 month = jul,
 year = {2001},
 issn = {0004-5411},
 pages = {798--859},
 numpages = {62},
 url = {http://doi.acm.org/10.1145/502090.502098},
 doi = {10.1145/502090.502098},
 acmid = {502098},
 publisher = {ACM},
 address = {New York, NY, USA},
 keywords = {Inapproximability, NP-hard optimization problems, linear equations, max-sat, probabilistically checkable proofs},
} 

@article{Huang,
  author    = {Lingxiao Huang and
               Jian Li and
               Qicai Shi},
  title     = {Approximation Algorithms for the Connected Sensor Cover Problem},
  journal   = {CoRR},
  volume    = {abs/1505.00081},
  year      = {2015},
  url       = {http://arxiv.org/abs/1505.00081},
  timestamp = {Mon, 01 Jun 2015 14:13:54 +0200},
  biburl    = {http://dblp.uni-trier.de/rec/bib/journals/corr/HuangLS15},
  bibsource = {dblp computer science bibliography, http://dblp.org}
}

@inproceedings{gupta,
 author = {Gupta, Himanshu and Das, Samir R. and Gu, Quinyi},
 title = {Connected Sensor Cover: Self-organization of Sensor Networks for Efficient Query Execution},
 booktitle = {Proceedings of the 4th ACM International Symposium on Mobile Ad Hoc Networking \&Amp; Computing},
 series = {MobiHoc '03},
 year = {2003},
 isbn = {1-58113-684-6},
 location = {Annapolis, Maryland, USA},
 pages = {189--200},
 numpages = {12},
 url = {http://doi.acm.org/10.1145/778415.778438},
 doi = {10.1145/778415.778438},
 acmid = {778438},
 publisher = {ACM},
 address = {New York, NY, USA},
 keywords = {connected sensor cover, query optimization, sensor connectivity, sensor coverage, sensor networks},
} 

@article{li,
  author    = {Jian Li and
               Yifei Jin},
  title     = {A {PTAS} for the Weighted Unit Disk Cover Problem},
  journal   = {CoRR},
  volume    = {abs/1502.04918},
  year      = {2015},
  url       = {http://arxiv.org/abs/1502.04918},
  timestamp = {Mon, 02 Mar 2015 14:17:34 +0100},
  biburl    = {http://dblp.uni-trier.de/rec/bib/journals/corr/LiJ15},
  bibsource = {dblp computer science bibliography, http://dblp.org}
}

@misc{googleloon,
author="Google",
title="Project Loon",
howpublished = "Página",
year = "2015",
}

@article{clark1990unit,
  title={Unit disk graphs},
  author={Clark, Brent N and Colbourn, Charles J and Johnson, David S},
  journal={Discrete mathematics},
  volume={86},
  number={1},
  pages={165--177},
  year={1990},
  publisher={Elsevier}
}

@article{marathe1995simple,
  title={Simple heuristics for unit disk graphs},
  author={Marathe, Madhav V and Breu, Heinz and Hunt, Harry B and Ravi, Shankar S and Rosenkrantz, Daniel J},
  journal={Networks},
  volume={25},
  number={2},
  pages={59--68},
  year={1995},
  publisher={Wiley Online Library}
}

@inproceedings{kuhn2003ad,
  title={Ad-hoc networks beyond unit disk graphs},
  author={Kuhn, Fabian and Wattenhofer, Rogert and Zollinger, Aaron},
  booktitle={Proceedings of the 2003 joint workshop on Foundations of mobile computing},
  pages={69--78},
  year={2003},
  organization={ACM}
}

@misc{carthy,
author="John Carthy",
title="Comparing Algorithms : Complexity Theory",
howpublished ="http://www.csi.ucd.ie/staff/jcarthy/home/FirstYear/Comp1001-L13.pdf",
year = "2015",
}

@MastersThesis{Vignatti,
author     =     {André Luís Vignatti},
title     =     {{Aproxima̧c̃ao e Compartilhamento de Custos em
Projeto de Redes}},
school     =     {Universidade Estadual de Campinas},
address     =     {Campinas, Brasil},
year     =     {2006},
}

@techreport{lenat,
   title = "The nature of heuristics",
   author = "Lenat, Douglas B.",
   institution = "Xerox (Palo Alto, CA US)",
   number = "SSL-81-01/CIS-12",
   url = "http://opac.inria.fr/record=b1008351",
   year = 1981
}

@article{ropke2005heuristic,
  title={Heuristic and exact algorithms for vehicle routing problems},
  author={Ropke, Stefan},
  year={2005}
}

@INPROCEEDINGS{lawler,
	author={Lawler, E.L.},
	booktitle={Foundations of Computer Science, 1977., 18th Annual Symposium on},
	title={Fast approximation algorithms for knapsack problems},
	year={1977},
	month={Oct},
	pages={206-213},
	keywords={Approximation algorithms;Arithmetic;Computer science;Data structures;Indexing;Laboratories;Polynomials;Sorting},
	doi={10.1109/SFCS.1977.11},
	ISSN={0272-5428},}

@article{ibarra,
	author = {Ibarra, Oscar H. and Kim, Chul E.},
	title = {Fast Approximation Algorithms for the Knapsack and Sum of Subset Problems},
	journal = {J. ACM},
	issue_date = {Oct. 1975},
	volume = {22},
	number = {4},
	month = oct,
	year = {1975},
	issn = {0004-5411},
	pages = {463--468},
	numpages = {6},
	url = {http://doi.acm.org/10.1145/321906.321909},
	doi = {10.1145/321906.321909},
	acmid = {321909},
	publisher = {ACM},
	address = {New York, NY, USA},
} 

@article{graham,
	title={Bounds on multiprocessing timing anomalies},
	author={Graham, Ronald L.},
	journal={SIAM journal on Applied Mathematics},
	volume={17},
	number={2},
	pages={416--429},
	year={1969},
	publisher={SIAM}
}

@article{hochbaum,
	title={Using dual approximation algorithms for scheduling problems theoretical and practical results},
	author={Hochbaum, Dorit S and Shmoys, David B},
	journal={Journal of the ACM (JACM)},
	volume={34},
	number={1},
	pages={144--162},
	year={1987},
	publisher={ACM}
}

@article{vega,
	title={Bin packing can be solved within 1+ $\varepsilon$ in linear time},
	author={De La Vega, W Fernandez and Lueker, George S.},
	journal={Combinatorica},
	volume={1},
	number={4},
	pages={349--355},
	year={1981},
	publisher={Springer}
}

@misc{vignattiaulas,
	author="André Vignatti",
	title="Análise de algoritmos",
	howpublished ="http://www.inf.ufpr.br/vignatti/courses/old/ci165-2013-2.html",
	year = "2013",
}